@ARTICLE{Figueredo:2009dg,
   author = {Figueredo, A.~J. and Wolf, P. S.~A.},
   title = {Assortative pairing and life history strategy -- a cross-cultural study},
   journal = {Human Nature},
   volume = {20},
   pages = {317-330},
   year = {2009},
   doi={https://doi.org/10.1007/s12110-009-9068-2}
}

@MISC{Hao:gidmaps:2014,
  author = {Hao, Z. and AghaKouchak, A. and Nakhjiri, N. and Farahmand, A},
  year = {2014},
  title = {Global integrated drought monitoring and prediction system ({GIDMaPS}) data sets},
  howpublished = {\emph{figshare} \url{http://dx.doi.org/10.6084/m9.figshare.853801}}
}
@article{sharma2024mhd,
  title={Influence of Magnetohydrodynamics Configuration on Aerothermodynamics during {Martian} Entry},
  author={Sharma, Vatsalya, and Giangaspero, Vincent and Poedts, Stefaan and Lani, Andrea},
  journal={Physics of Fluids},
  volume={36},
  issue = {3},
  year={2024},
  publisher={AIP},
  doi = {doi.org/10.1063/5.0191101}
}
@article{sharma2020effect,
  title={Effect of location of a transverse sonic jet on shock augmented mixing in a {SCRAMJET} engine},
  author={Sharma, Vatsalya and Eswaran, Vinayak and Chakraborty, Debasis},
  journal={Aerospace Science and Technology},
  volume={96},
  pages={105535},
  year={2020},
  publisher={Elsevier},
  doi = {doi.org/10.1016/j.ast.2019.105535}
}
@article{sharma2020determination,
  title={Determination of optimal spacing between transverse jets in a {SCRAMJET} engine},
  author={Sharma, Vatsalya and Eswaran, Vinayak and Chakraborty, Debasis},
  journal={Aerospace Science and Technology},
  volume={96},
  pages={105520},
  year={2020},
  publisher={Elsevier},
  doi = {doi.org/10.1016/j.ast.2019.105520}
}
@article{sharma2020computational,
  title={Computational analysis of transverse sonic injection in supersonic crossflow using {RANS} models},
  author={Sharma, Vatsalya and Eswaran, Vinayak and Chakraborty, Debasis},
  journal={Journal of Fluids Engineering},
  volume={142},
  number={6},
  pages={061502},
  year={2020},
  publisher={American Society of Mechanical Engineers},
  doi = {doi.org/10.1115/1.4045985}
}
@article{sharma2020effect2,
  title={Effect of fuel-jet injection angle variation on the overall performance of a {SCRAMJET} engine},
  author={Sharma, Vatsalya and Eswaran, Vinayak and Chakraborty, Debasis},
  journal={Aerospace Science and Technology},
  volume={100},
  pages={105786},
  year={2020},
  publisher={Elsevier},
  doi = {doi.org/10.1016/j.ast.2020.105786}
}
@article{sharma2022influence,
  title={Influence of isolator section on the shock augmented mixing in SCRAMJET engine},
  author={Sharma, Vatsalya and Eswaran, Vinayak and Chakraborty, Debasis},
  journal={Aerospace Science and Technology},
  volume={130},
  pages={107900},
  year={2022},
  publisher={Elsevier},
  doi = {doi.org/10.1016/j.ast.2022.107900}
}
@article{assam2018automatic,
  title={An automatic wall treatment for {Spalart--Allmaras} turbulence model},
  author={Assam, Ashwani and Narayan Kalkote, Nikhil and Sharma, Vatsalya and Eswaran, Vinayak},
  journal={Journal of Fluids Engineering},
  volume={140},
  number={6},
  pages={061403},
  year={2018},
  publisher={American Society of Mechanical Engineers},
  doi = {doi.org/10.1115/1.4039087}
}
@article{sharma2022evaluation,
  title={Evaluation of novel wall function approach for supersonic flow problems involving separations induced by geometry and shocks},
  author={Sharma, Vatsalya and Assam, Ashwani},
  journal={Computers \& Mathematics with Applications},
  volume={123},
  pages={75--88},
  year={2022},
  publisher={Elsevier},
  doi = {doi.org/10.1016/j.camwa.2022.08.001}
}
@article{lani2023magnetohydrodynamic,
  title={A Magnetohydrodynamic enhanced entry system for space transportation: {MEESST}},
  author={Lani, Andrea and Sharma, Vatsalya and Giangaspero, Vincent F and Poedts, Stefaan and Viladegut, Alan and Chazot, Olivier },
  journal={Journal of Space Safety Engineering},
  volume={10},
  number={1},
  pages={27--34},
  year={2023},
  publisher={Elsevier},
  doi = {doi.org/10.1016/j.jsse.2022.11.004}
}
@article{giangaspero20233d,
  title={{3D} ray tracing solver for communication blackout analysis in atmospheric entry missions},
  author={Giangaspero, Vincent F and Sharma, Vatsalya and Lani, Andrea and Poedts, Stefaan},
  journal={Computer Physics Communications},
  volume={286},
  pages={108663},
  year={2023},
  publisher={Elsevier},
  doi = {doi.org/10.1016/j.cpc.2023.108663}
}
@article{sharma2023aero,
  title={Aero-Thermal Analysis of Rarefied Flow Over Inverse Cone Shaped Objects Using Direct Simulation Monte Carlo Analysis},
  author={Sharma, Vatsalya and Assam, Ashwani},
  journal={ASME Journal of Heat and Mass Transfer},
  pages={1--40},
  year={2023},
  doi = {doi.org/10.1115/1.4062754}
}
@article{kapil2023capturing,
  title={Capturing droplet flight and impingement behavior in plasma--MIG process for metal droplet-on-demand applications},
  author={Kapil, Angshuman and Kayarthaya, Nithin and Sharma, Vatsalya and Sharma, Abhay},
  journal={Journal of Materials Processing Technology},
  volume={316},
  pages={117955},
  year={2023},
  publisher={Elsevier},
  doi = {doi.org/10.1016/j.jmatprotec.2023.117955}
}

@article{dhib2024input,
  title={Input/Output Library for Higher-Order Computational Fluid Dynamics Data},
  author={Dhib, Rayan and Sharma, Vatsalya and Lani, Andrea and Poedts, Stefaan},
  journal={SoftwareX},
  volume={28},
  pages={101943},
  year={2024},
  publisher={Elsevier},
  doi = {doi.org/10.1016/j.softx.2024.101943}
}

@article{dhib2025toward,
  title={Toward High-order Solar Corona Simulations: A High-order Hyperbolized Poisson Approach for Magnetic Field Initialization},
  author={Dhib, Rayan and Ameur, Firas Ben and Sharma, Vatsalya and Lani, Andrea and Poedts, Stefaan},
  journal={The Astrophysical Journal},
  volume={980},
  number={2},
  pages={163},
  year={2025},
  publisher={IOP Publishing},
  doi = {https://10.3847/1538-4357/adace5}
}
@inproceedings{v-f,
  citation-number = {15.},
  author = {Sharma, Vatsalya, and Giangaspero, Vincent and Poedts, Stefaan and Lani, Andrea},
  title = {Validation and Verification of the Implicit Thermo-Chemical Non-Equilibrium CFD Solver in {COOLFluiD with PLATO} },
  note = {January 8-12, 2024, Orlando, Florida, USA.},
   
  year = {2024},
  booktitle = {AIAA SciTech 2024},
 doi = {doi.org/10.2514/6.2024-2728}
}

@inproceedings{sharma2022development,
  title={Development and Validation of {Jatayu}--an In-House {CFD} solver for High-Speed Aerospace Applications},
  author={Sharma, Vatsalya and Eswaran, Vinayak and Chakraborty, Debasis},
  booktitle={AIAA Aviation 2022 Forum},
  pages={3224},
  year={2022},
  doi = {doi.org/10.2514/6.2022-3224}
}


@inproceedings{giangaspero2024raytracing,
  author = {Giangaspero, Vincent and Sharma, Vatsalya and Lani, Andrea and Poedts, Stefaan},
  title = {Raytracing Analysis of Blackout Phases During {Earth} Re-Entry},
  note = {Jul 29- Aug 2, 2024, Las Vegas, NV, USA.},
  year = {2024},
  booktitle = {AIAA Aviation 2024 Forum},
 doi = {doi.org/10.2514/6.2024-4047}
}

@article{bruno2008transport,
  title={Transport Coefficients of {Argon} Plasma with Electromagnetic Fields},
  author={Bruno, D and Capitelli, M and Catalfamo, C and Laricchiuta, A and Kustova, EV and Chikhaoui, A},
  journal={Transport Coefficients of Argon Plasma with Electromagnetic Fields/Authors: D. Bruno, M. Capitelli, C. Catalfamo, A. Laricchiuta, EV Kustova, A. Chikhaoui, Editors: D. Giordano \& K. Fletcher, European Space Agency STR-254. Noordwijk: ESA Publications Division, ISBN 978-92-9221-902-4, 2008, 744 pp.},
  volume={254},
  year={2008},
 doi = {https://adsabs.harvard.edu/pdf/2008ESAST.254.....B}
}

@inproceedings{huynh2007flux,
  title={A flux reconstruction approach to high-order schemes including discontinuous Galerkin methods},
  author={Huynh, Hung T},
  booktitle={18th AIAA computational fluid dynamics conference},
  pages={4079},
  year={2007},
doi = {doi.org/10.2514/6.2007-4079}
}

@article{knight2017assessment,
  title={Assessment of predictive capabilities for aerodynamic heating in hypersonic flow},
  author={Knight, Doyle and Chazot, Olivier and Austin, Joanna and Badr, Mohammad Ali and Candler, Graham and Celik, Bayram and de Rosa, Donato and Donelli, Raffaele and Komives, Jeffrey and Lani, Andrea},
  journal={Progress in Aerospace Sciences},
  volume={90},
  pages={39--53},
  year={2017},
  publisher={Elsevier},
doi= {doi.org/10.1016/j.paerosci.2017.02.001}
}
@article{knight2018hypersonic,
  title={Hypersonic shock wave transitional boundary layer interactions-A review},
  author={Knight, Doyle and Mortazavi, Mahsa},
  journal={Acta Astronautica},
  volume={151},
  pages={296--317},
  year={2018},
  publisher={Elsevier},
doi = {doi.org/10.1016/j.actaastro.2018.06.019}
}
@inproceedings{berry2011recommendations,
  title={Recommendations for hypersonic boundary layer transition flight testing},
  author={Berry, Scott and Kimmel, Roger and Reshotko, Eli},
  booktitle={41st AIAA Fluid Dynamics Conference and Exhibit},
  pages={3415},
  year={2011},
doi= {doi.org/10.2514/6.2011-3415}
}

@article{langtry2009correlation,
  title={Correlation-based transition modeling for unstructured parallelized computational fluid dynamics codes},
  author={Langtry, Robin B and Menter, Florian R},
  journal={AIAA journal},
  volume={47},
  number={12},
  pages={2894--2906},
  year={2009},
doi = {doi.org/10.2514/1.42362}
}

@article{fu2021shock,
  title={Shock-induced heating and transition to turbulence in a hypersonic boundary layer},
  author={Fu, Lin and Karp, Michael and Bose, Sanjeeb T and Moin, Parviz and Urzay, Javier},
  journal={Journal of Fluid Mechanics},
  volume={909},
  pages={A8},
  year={2021},
  publisher={Cambridge University Press},
  doi ={doi.org/10.1017/jfm.2020.935}
}
@article{huang2025laminar,
  title={Laminar-turbulent transition in a hypersonic compression ramp flow},
  author={Huang, Changye and Cao, Shibin and Hao, Jiaao and Guo, Peixu and Wen, Chih-Yung},
  journal={Physics of Fluids},
  volume={37},
  number={3},
  year={2025},
  publisher={AIP Publishing},
doi ={doi.org/10.1063/5.0256584}
}
@article{kim2012breakup,
  title={Breakup and vaporization of droplets under locally supersonic conditions},
  author={Kim, YoungJun and Hermanson, James C},
  journal={Physics of Fluids},
  volume={24},
  number={7},
  year={2012},
  publisher={AIP Publishing},
  doi = {https://doi.org/10.1063/1.4733459}
}
@phdthesis{peyvan2022flux,
  title={Flux Reconstruction Discontinuous Spectral Element Method for Compressible Turbulent Flows},
  author={Peyvan, Ahmad},
  year={2022},
  school={University of Illinois at Chicago}
}

@inproceedings{briggs2023experiments,
  title={Experiments on water droplet breakup in a detonation medium},
  author={Briggs, Sydney M and Berube, Nicolas and Dyson, Daniel R and Forehand, Reed and Kinzel, Michael P and Vasu, Subith and Grace, Sheryl and Anderson, Phillip},
  booktitle={AIAA SCITECH 2023 Forum},
  pages={2257},
  year={2023}
}
@inproceedings{briggs2024investigation,
  title={Investigation of Cavitation in Water Droplet Breakup from Shock Waves},
  author={Briggs, Sydney M and Berube, Nicolas and Dyson, Daniel R and Aguilera, Anthony and Nguyen, Khanh C and Forehand, Reed and Kinzel, Michael P and Vasu, Subith and Grace, Sheryl and Anderson, Phillip},
  booktitle={AIAA SCITECH 2024 Forum},
  pages={2191},
  year={2024},  
  doi = {https://doi.org/10.2514/6.2024-2191}
}
@article{kondo2019simulation,
  title={Simulation of high-speed droplet impact against a dry/wet rigid wall for understanding the mechanism of liquid jet cleaning},
  author={Kondo, Tomoki and Ando, Keita},
  journal={Physics of Fluids},
  volume={31},
  number={1},
  year={2019},
  publisher={AIP Publishing},
  doi = {https://doi.org/10.1063/1.5079282}
}

@article{esplin2021measurement,
  title={Measurement and quantification of acoustic bulk cavitation extent},
  author={Esplin, J James and Kim, Benjamin J and Kinzel, Michael P and Culver, R Lee},
  journal={Experiments in Fluids},
  volume={62},
  pages={1--13},
  year={2021},
  publisher={Springer},
  doi = {https://doi.org/10.1007/s00348-021-03249-w}
}
@inproceedings{danvin2019laminar,
  title={Laminar to turbulent transition prediction in hypersonic flows with neural networks committee},
  author={Danvin, Florian and Olazabal, Marina and Pinna, Fabio},
  booktitle={AIAA Aviation 2019 Forum},
  pages={2837},
  year={2019},
  doi = {https://doi.org/10.2514/6.2019-2837}
}
@techreport{parish2024data,
  title={Data-driven closure modeling for hypersonic turbulent flows},
  author={Parish, Eric Joshua and Barone, Matthew F and Ching, David Sunghwa and Jordan, Cyrus Joshua and Miller, Nathan and Nicholson, Gary Lloyd and Mangala Gitushi, Kevin and Beresh, Steven J and Gupta, Niloy and Duraisamy, Karthik},
  year={2024},
  institution={Sandia National Lab.(SNL-CA), Livermore, CA (United States)},
  doi = {https://doi.org/10.2172/2480179}
}
@incollection{DURAISAMY20251,
title = {Chapter 1 - Introduction to turbulence & learning from data},
editor = {Karthik Duraisamy},
booktitle = {Data Driven Analysis and Modeling of Turbulent Flows},
publisher = {Academic Press},
pages = {1-25},
year = {2025},
series = {Computation and Analysis of Turbulent Flows},
isbn = {978-0-323-95043-5},
doi = {https://doi.org/10.1016/B978-0-32-395043-5.00007-3},
author = {Karthik Duraisamy and Steven L. Brunton and Kunihiko Taira}
}
@article{bhatnagar2019prediction,
  title={Prediction of aerodynamic flow fields using convolutional neural networks},
  author={Bhatnagar, Saakaar and Afshar, Yaser and Pan, Shaowu and Duraisamy, Karthik and Kaushik, Shailendra},
  journal={Computational Mechanics},
  volume={64},
  pages={525--545},
  year={2019},
  publisher={Springer},
  doi = {https://doi.org/10.1007/s00466-019-01740-0}
}
@article{paredes2020toward,
  title={Toward a practical method for hypersonic transition prediction based on stability correlations},
  author={Paredes, Pedro and Venkatachari, Balaji and Choudhari, Meelan M and Li, Fei and Chang, Chau-Lyan and Zafar, Muhammad I and Xiao, Heng},
  journal={AIAA Journal},
  volume={58},
  number={10},
  pages={4475--4484},
  year={2020},
  publisher={American Institute of Aeronautics and Astronautics},
  doi = {https://doi.org/10.2514/1.J059407}
}

@article{peyvan2022oscillation,
  title={Oscillation-free nodal discontinuous spectral element method for the simulation of compressible multicomponent flows},
  author={Peyvan, Ahmad and Li, Dongru and Komperda, Jonathan and Mashayek, Farzad},
  journal={Journal of Computational Physics},
  volume={452},
  pages={110921},
  year={2022},
  publisher={Elsevier},
  doi = {https://doi.org/10.1016/j.jcp.2021.110921}
}