@article{sharma2024mhd,
  title={Influence of Magnetohydrodynamics Configuration on Aerothermodynamics during {Martian} Entry},
  author={Sharma, Vatsalya, and Giangaspero, Vincent and Poedts, Stefaan and Lani, Andrea},
  journal={Physics of Fluids},
  volume={36},
  issue = {3},
  year={2024},
  publisher={AIP},
  doi = {10.1063/5.0191101}
}
@article{sharma2020effect,
  title={Effect of location of a transverse sonic jet on shock augmented mixing in a {SCRAMJET} engine},
  author={Sharma, Vatsalya and Eswaran, Vinayak and Chakraborty, Debasis},
  journal={Aerospace Science and Technology},
  volume={96},
  pages={105535},
  year={2020},
  publisher={Elsevier},
  doi = {10.1016/j.ast.2019.105535}
}
@article{sharma2020determination,
  title={Determination of optimal spacing between transverse jets in a {SCRAMJET} engine},
  author={Sharma, Vatsalya and Eswaran, Vinayak and Chakraborty, Debasis},
  journal={Aerospace Science and Technology},
  volume={96},
  pages={105520},
  year={2020},
  publisher={Elsevier},
  doi = {10.1016/j.ast.2019.105520}
}
@article{sharma2020computational,
  title={Computational analysis of transverse sonic injection in supersonic crossflow using {RANS} models},
  author={Sharma, Vatsalya and Eswaran, Vinayak and Chakraborty, Debasis},
  journal={Journal of Fluids Engineering},
  volume={142},
  number={6},
  pages={061502},
  year={2020},
  publisher={American Society of Mechanical Engineers},
  doi = {10.1115/1.4045985}
}
@article{sharma2020effect2,
  title={Effect of fuel-jet injection angle variation on the overall performance of a {SCRAMJET} engine},
  author={Sharma, Vatsalya and Eswaran, Vinayak and Chakraborty, Debasis},
  journal={Aerospace Science and Technology},
  volume={100},
  pages={105786},
  year={2020},
  publisher={Elsevier},
  doi = {10.1016/j.ast.2020.105786}
}
@article{sharma2022influence,
  title={Influence of isolator section on the shock augmented mixing in SCRAMJET engine},
  author={Sharma, Vatsalya and Eswaran, Vinayak and Chakraborty, Debasis},
  journal={Aerospace Science and Technology},
  volume={130},
  pages={107900},
  year={2022},
  publisher={Elsevier},
  doi = {10.1016/j.ast.2022.107900}
}
@article{assam2018automatic,
  title={An automatic wall treatment for {Spalart--Allmaras} turbulence model},
  author={Assam, Ashwani and Narayan Kalkote, Nikhil and Sharma, Vatsalya and Eswaran, Vinayak},
  journal={Journal of Fluids Engineering},
  volume={140},
  number={6},
  pages={061403},
  year={2018},
  publisher={American Society of Mechanical Engineers},
  doi = {10.1115/1.4039087}
}
@article{sharma2022evaluation,
  title={Evaluation of novel wall function approach for supersonic flow problems involving separations induced by geometry and shocks},
  author={Sharma, Vatsalya and Assam, Ashwani},
  journal={Computers \& Mathematics with Applications},
  volume={123},
  pages={75--88},
  year={2022},
  publisher={Elsevier},
  doi = {10.1016/j.camwa.2022.08.001}
}
@article{lani2023magnetohydrodynamic,
  title={A Magnetohydrodynamic enhanced entry system for space transportation: {MEESST}},
  author={Lani, Andrea and Sharma, Vatsalya and Giangaspero, Vincent F and Poedts, Stefaan and Viladegut, Alan and Chazot, Olivier },
  journal={Journal of Space Safety Engineering},
  volume={10},
  number={1},
  pages={27--34},
  year={2023},
  publisher={Elsevier},
  doi = {10.1016/j.jsse.2022.11.004}
}
@article{giangaspero20233d,
  title={{3D} ray tracing solver for communication blackout analysis in atmospheric entry missions},
  author={Giangaspero, Vincent F and Sharma, Vatsalya and Laur, Johannes and Thoemel, Jan and Munaf{\`o}, Alessandro and Lani, Andrea and Poedts, Stefaan},
  journal={Computer Physics Communications},
  volume={286},
  pages={108663},
  year={2023},
  publisher={Elsevier},
  doi = {10.1016/j.cpc.2023.108663}
}
@article{sharma2023aero,
  title={Aero-Thermal Analysis of Rarefied Flow Over Inverse Cone Shaped Objects Using Direct Simulation Monte Carlo Analysis},
  author={Sharma, Vatsalya and Assam, Ashwani},
  journal={ASME Journal of Heat and Mass Transfer},
  pages={1--40},
  year={2023},
  doi = {10.1115/1.4062754}
}
@article{kapil2023capturing,
  title={Capturing droplet flight and impingement behavior in plasma--MIG process for metal droplet-on-demand applications},
  author={Kapil, Angshuman and Kayarthaya, Nithin and Sharma, Vatsalya and Sharma, Abhay},
  journal={Journal of Materials Processing Technology},
  volume={316},
  pages={117955},
  year={2023},
  publisher={Elsevier},
  doi = {10.1016/j.jmatprotec.2023.117955}
}
@inproceedings{sharma2022development,
  title={Development and Validation of Jatayu--an In-House CFD solver for High-Speed Aerospace Applications},
  author={Sharma, Vatsalya and Eswaran, Vinayak and Chakraborty, Debasis},
  booktitle={AIAA Aviation 2022 Forum},
  pages={3224},
  year={2022},
  doi = {10.2514/6.2022-3224}
}
@inproceedings{v2014a,
  citation-number = {1.},
  author = {Sharma, Vatsalya and Banerjee, Raja},
  title = {{GPU} parallelization of {3D CFD solver for application in LES}},
  date = {December 12-15},
  year = {2014},
  booktitle = {IUTAM Symposium on Advances in Computation, Modeling and Control of Transitional and Turbulent Flows},
  address = {Goa, India}
}
@inproceedings{r-a,
  citation-number = {2.},
  author = {Ravitej, K. and Sharma, Vatsalya and Sivadasan, Naveen and Banerjee, Raja},
  title = {Parallel {AMG} solver for three-dimensional unstructured grids using {GPU}”},
  date = {December },
  year = {2014},
  pages = {1–10},
  publisher = {IEEE},
   
  booktitle = {2014 21st International Conference on High-Performance Computing (HiPC}
}
@inproceedings{v-a,
  citation-number = {3.},
  author = {Sharma, Vatsalya and Assam, Ashwani and Eswaran, Vinayak},
  title = {Development of All Speed Three-Dimensional Computational Fluid Dynamics Solver For Unstructured Grids”},
   
  date = {December 15-17},
  year = {2016},
  booktitle = {Proceedings of the 6th International and 43rd National Conference on Fluid Mechanics and Fluid Power },
  address = {MNNIT, Allahabad, U.P., India}
}
@inproceedings{v2017a,
  citation-number = {4.},
  author = {Sharma, Vatsalya and Assam, Ashwani and Eswaran, Vinayak},
  title = {Numerical Simulation of Turbulent High-Speed Plane Jets- A Validation with Experimental Results},
  date = {December 27-30},
  year = {2017},
  pages = {– ,},
  note = {doi:},
  doi = {10.1615/IHMTC-2017.1220},
   
  booktitle = {Proceedings of the 24th National and 2nd International ISHMT-ASTFE Heat and Mass Transfer Conference (IHMTC-2017)},
  address = {Hyderabad, India}
}
@inproceedings{s2018a,
  citation-number = {5.},
  author = {Chandra, A. S. Saket and Sharma, Vatsalya and Assam, Ashwani and Eswaran, Vinayak},
  date = {December 27-30},
  year = {2017},
  title = {Performance Of Convective Schemes In Density-Based Solver},
  pages = {– ,},
  note = {doi:},
  doi = {10.1615/IHMTC-2017.10},
   
  booktitle = {Proceedings of the 24th National and 2nd International ISHMT-ASTFE Heat and Mass Transfer Conference (IHMTC-2017)},
  address = {Hyderabad, India}
}
@inproceedings{v2018a,
  citation-number = {6.},
  author = {Sharma, Vatsalya and Ashwani, Assam and Eswaran, Vinayak},
  title = {Investigation Of Turbulent Mixing Layer With Compressibility Corrections For {RANS} Models},
  date = {July 6-10},
  year = {2018},
   
  booktitle = {Proceedings of International Conference on Computational Fluid Dynamics (ICCFD)},
  address = {Barcelona, Spain}
}
@inproceedings{v-b,
  citation-number = {7.},
  author = {Sharma, Vatsalya and Chakraborty, Debasis and Eswaran, Vinayak},
  title = {Computational Study of Sonic Injection in Supersonic Crossflow},
   
  date = {December 10-12},
  year = {2018},
  booktitle = {Proceedings of the 7th International and 45th National Conference on Fluid Mechanics and Fluid Power (FMFP)},
  address = {IIT Bombay, Mumbai, India}
}
@inproceedings{a2022a,
  citation-number = {9.},
  author = {Kapil, Angshuman and Kayarthaya, Nithin and Sharma, Vatsalya and Sharma, Abhay},
  title = {Controlled Droplet-on-Demand Deposition in Plasma–MIG Process: A Numerical Simulation Study},
  year = {2022},
   
  booktitle = {International Conference on Welding and Joining},
  address = {Kyoto Japan}
}

@inproceedings{j-a,
  citation-number = {10.},
  author = {Giacomelli, Jasmine and G., Herdrich and Sharma, Vatsalya and Lani, Andrea and Donaldson, Nathan and Kim, Minkwan},
  title = {Numerical Rebuilding of Magnetic Heat Flux Control Experiments For Re-Entry Vehicles By Enhanced Mhd Simulation Tools},
  date = {Jun 26-30},
  year = {2022},
   
  booktitle = {2nd International Conference on Flight Vehicles, Aerothermodynamics and Re-entry Missions & Engineering (FAR)},
  address = {Heilbronn, Germany}
}
@inproceedings{j-b,
  citation-number = {11.},
  author = {Laur, Johannes and Giangaspero, Vincent and Sharma, Vatsalya and Lani, Andrea and Donaldson, Nathan and Kim, Minkwan and Thoemel, Jan},
  title = {The Effect of An Applied Magnetic Field Onto Re-Entry Radio Communication Blackout},
  date = {Jun 26-30},
  year = {2022},
   
  booktitle = {2nd International Conference on Flight Vehicles, Aerothermodynamics and Re-entry Missions & Engineering (FAR)},
  address = {Heilbronn, Germany}
}
@inproceedings{v-c,
  citation-number = {12.},
  author = {Giangaspero, Vincent and Sharma, Vatsalya and Lani, Andrea and Poedts, Stefaan},
  title = {Development of Three-Dimensional Ray Tracing Solver for Communication Blackout in Atmospheric Entries},
  date = {July 6-10},
  year = {2022},
   
  booktitle = {Proceedings of International Conference on Computational Fluid Dynamics (ICCFD) 2022},
  address = {Hawaii, USA}
}
@inproceedings{v-d,
  citation-number = {13.},
  author = {Sharma, Vatsalya and Giacomelli, Jasmine and Donaldson, Nathan and Lani, Andrea and Kim, Minkwan and George, Herdrich},
  title = {Numerical Modelling Verification for Re-entry Vehicles using Enhanced {MHD} Simulation Tools},
  date = {September 19-24},
  year = {2022},
   
  booktitle = {International Astronautical Congress 2022},
  address = {Paris, France}
}
@inproceedings{v-e,
  citation-number = {14.},
  author = {Sharma, Vatsalya and Giacomelli, Jasmine and Donaldson, Nathan and Lani, Andrea and Kim, Minkwan and George, Herdrich},
  title = {Assessment of {CFD} Capabilities of Various In-House Solvers for Modeling Argon Plasma {MHD} Experiments},
  note = {September 12-16, 2022, Azores, Portugal.},
   
  year = {2022},
  booktitle = {9th International Workshop on Radiation of High Temperature for Space Missions}
}
@inproceedings{v-f,
  citation-number = {15.},
  author = {Sharma, Vatsalya, and Giangaspero, Vincent and Poedts, Stefaan and Lani, Andrea},
  title = {Validation and Verification of the Implicit Thermo-Chemical Non-Equilibrium CFD Solver in {COOLFluiD with PLATO} },
  note = {January 8-12, 2024, Orlando, Florida, USA.},
   
  year = {2024},
  booktitle = {AIAA SciTech 2024},
 doi = {10.2514/6.2024-2728}
}
@inproceedings{v-g,
  citation-number = {15.},
  author = {Sharma, Vatsalya and Eswaran, Vinayak and Chakraborty, Debasis},
  title = { Numerical Study of Maneuverability Control in High-Speed Aero-vehicles Using Transverse Sonic Jet Injectors},
  note = {January 8-12, 2024, Orlando, Florida, USA.},
  year = {2024},
  booktitle = {AIAA SciTech 2024},
 doi = {10.2514/6.2024-0699}
}

@inproceedings{v-h,
  author = {Kapil, Angshuman and Sharma, Vatsalya and De Pauw, Jan and Sharma, Abhay},
  title = { A novel molten metal deposition-based additive manufacturing
technique for aluminum alloys },
  note = {July 16-21, 2023, Singapore.},
  year = {2023},
  booktitle = {Proceedings of the 76th IIW Annual Assembly and Intl. Conf. on Welding and Joining}
}
@article{kapil2024exploring,
  title={Exploring impact, spreading, and bonding dynamics in molten metal deposition for novel Drop-on-Demand printing},
  author={Kapil, Angshuman and Sharma, Vatsalya and De Pauw, Jan and Sharma, Abhay},
  journal = {Materials & Design},
  volume = {238},
  pages = {112633},
  year = {2024},
  publisher={Elsevier},
  doi = {10.1016/j.matdes.2024.112633}
}

@article{laur2024radio,
  title={Radio Communication Blackout Mitigation: Analyzing Magnetic Field Effects via Ray-Tracing Analysis},
  author={Laur, JS and Giangaspero, VF and Sharma, Vatsalya and Lani, A  and Thoemel, J},
  journal={AIAA Journal},
  volume={62},
  number={6},
  pages={2024--2035},
  month = {May},
  year={2024},
  publisher={American Institute of Aeronautics and Astronautics},
  doi = { 10.2514/1.J062660}
}

@inproceedings{giangaspero2024raytracing,
  author = {Giangaspero, Vincent and Sharma, Vatsalya and Lani, Andrea and Poedts, Stefaan},
  title = {Raytracing Analysis of Blackout Phases During {Earth} Re-Entry},
  note = {Jul 29- Aug 2, 2024, Las Vegas, NV, USA.},
  year = {2024},
  booktitle = {AIAA Aviation 2024 Forum},
 doi = {10.2514/6.2024-4047}
}
@misc{blackout2024,
  title={{BORAT-EM}: High-Frequency Electromagnetic Solver for Blackout Analysis},
  author={Giangaspero, Vincent and Sharma, Vatsalya and Lani, Andrea and Poedts, Stefaan},
  note = {Computer Physics Communications, Elsevier. Submitted.}
}


@article{dhib2024input,
  title={Input/Output Library for Higher-Order Computational Fluid Dynamics Data},
  author={Dhib, Rayan and Sharma, Vatsalya and Lani, Andrea and Poedts, Stefaan},
  journal={SoftwareX},
  volume={28},
  pages={101943},
  year={2024},
  publisher={Elsevier},
  doi = {https://doi.org/10.1016/j.softx.2024.101943}
}

@article{dhib2025toward,
  title={Toward High-order Solar Corona Simulations: A High-order Hyperbolized Poisson Approach for Magnetic Field Initialization},
  author={Dhib, Rayan and Ameur, Firas Ben and Sharma, Vatsalya and Lani, Andrea and Poedts, Stefaan},
  journal={The Astrophysical Journal},
  volume={980},
  number={2},
  pages={163},
  year={2025},
  publisher={IOP Publishing},
  doi = {https://10.3847/1538-4357/adace5}
}

